

@MISC {4498651,
    TITLE = {Does this group have a faithful unitary representation?},
    AUTHOR = {Qiaochu Yuan (https://math.stackexchange.com/users/232/qiaochu-yuan)},
    HOWPUBLISHED = {Mathematics Stack Exchange},
    NOTE = {URL:https://math.stackexchange.com/q/4498651 (version: 2022-07-23)},
    EPRINT = {https://math.stackexchange.com/q/4498651},
    URL = {https://math.stackexchange.com/q/4498651}
}

@MISC {4498165,
    TITLE = {How to prove that a unique inverse exists for every element of this group like structure},
    AUTHOR = {Arturo Magidin (https://math.stackexchange.com/users/742/arturo-magidin)},
    HOWPUBLISHED = {Mathematics Stack Exchange},
    NOTE = {URL:https://math.stackexchange.com/q/4498165 (version: 2022-07-23)},
    EPRINT = {https://math.stackexchange.com/q/4498165},
    URL = {https://math.stackexchange.com/q/4498165}
}

@MISC {4499376,
    TITLE = {What does the categorical/commutative diagram of this group look like?},
    AUTHOR = {Captain Lama (https://math.stackexchange.com/users/318467/captain-lama)},
    HOWPUBLISHED = {Mathematics Stack Exchange},
    NOTE = {URL:https://math.stackexchange.com/q/4499376 (version: 2022-07-24)},
    EPRINT = {https://math.stackexchange.com/q/4499376},
    URL = {https://math.stackexchange.com/q/4499376}
}
@MISC {4496888,
    TITLE = {Developing a group, representation and algebra ( a first very simple likely false conjecture )},
    AUTHOR = {Kevin Njokom (https://math.stackexchange.com/users/633012/kevin-njokom)},
    HOWPUBLISHED = {Mathematics Stack Exchange},
    NOTE = {URL:https://math.stackexchange.com/q/4496888 (version: 2022-07-21)},
    EPRINT = {https://math.stackexchange.com/q/4496888},
    URL = {https://math.stackexchange.com/q/4496888}
}

@MISC {4497581,
    TITLE = {Restricting the domain of an almost group},
    AUTHOR = {Kevin Njokom (https://math.stackexchange.com/users/633012/kevin-njokom)},
    HOWPUBLISHED = {Mathematics Stack Exchange},
    NOTE = {URL:https://math.stackexchange.com/q/4497581 (version: 2022-07-21)},
    EPRINT = {https://math.stackexchange.com/q/4497581},
    URL = {https://math.stackexchange.com/q/4497581}
}

@MISC {4498337,
    TITLE = {Does this group have a faithful unitary representation?},
    AUTHOR = {Kevin Njokom (https://math.stackexchange.com/users/633012/kevin-njokom)},
    HOWPUBLISHED = {Mathematics Stack Exchange},
    NOTE = {URL:https://math.stackexchange.com/q/4498337 (version: 2022-07-23)},
    EPRINT = {https://math.stackexchange.com/q/4498337},
    URL = {https://math.stackexchange.com/q/4498337}
}